<record><leader>00000cas a22000007a 4500</leader><controlfield tag="001">36978080</controlfield><controlfield tag="008">970529d1910191uokuwr n       0    0eng d</controlfield><datafield ind1=" " ind2=" " tag="010"><subfield code="a">sn 97064883 </subfield></datafield><datafield ind1=" " ind2=" " tag="040"><subfield code="a">OBN</subfield><subfield code="b">eng</subfield><subfield code="c">OBN</subfield><subfield code="d">OCLCQ</subfield><subfield code="d">OCLCO</subfield></datafield><datafield ind1="1" ind2=" " tag="029"><subfield code="a">AU@</subfield><subfield code="b">000013283117</subfield></datafield><datafield ind1=" " ind2=" " tag="042"><subfield code="a">msc</subfield></datafield><datafield ind1="0" ind2="4" tag="245"><subfield code="a">The Ochelata weekly progress.</subfield></datafield><datafield ind1="3" ind2=" " tag="246"><subfield code="a">Ochelata progress</subfield></datafield><datafield ind1=" " ind2=" " tag="260"><subfield code="a">Ochelata, Okla. :</subfield><subfield code="b">J.T. May</subfield></datafield><datafield ind1=" " ind2=" " tag="300"><subfield code="a">v.</subfield></datafield><datafield ind1=" " ind2=" " tag="310"><subfield code="a">Weekly</subfield></datafield><datafield ind1="0" ind2=" " tag="362"><subfield code="a">Vol. 1, no. 36 (Jan. 27, 1910)-</subfield></datafield><datafield ind1=" " ind2="0" tag="651"><subfield code="a">Ochelata (Okla.)</subfield><subfield code="v">Newspapers.</subfield></datafield><datafield ind1=" " ind2="0" tag="651"><subfield code="a">Washington County (Okla.)</subfield><subfield code="v">Newspapers.</subfield></datafield><datafield ind1=" " ind2=" " tag="752"><subfield code="a">United States</subfield><subfield code="b">Oklahoma</subfield><subfield code="c">Washington</subfield><subfield code="d">Ochelata.</subfield></datafield><datafield ind1="0" ind2="0" tag="780"><subfield code="t">Ochelata progress</subfield><subfield code="w">(DLC)sn 97064882</subfield><subfield code="w">(OCoLC)36978042</subfield></datafield></record>